<record><leader>00000cas a22000007a 4500</leader><controlfield tag="001">40704683</controlfield><controlfield tag="008">990129d19851985cauwr ne      0    0eng d</controlfield><datafield ind1=" " ind2=" " tag="010"><subfield code="a">sn 98061746 </subfield></datafield><datafield ind1=" " ind2=" " tag="040"><subfield code="a">CNK</subfield><subfield code="b">eng</subfield><subfield code="c">CNK</subfield><subfield code="d">OCLCQ</subfield><subfield code="d">OCLCF</subfield></datafield><datafield ind1="1" ind2=" " tag="029"><subfield code="a">AU@</subfield><subfield code="b">000014546268</subfield></datafield><datafield ind1=" " ind2=" " tag="042"><subfield code="a">msc</subfield></datafield><datafield ind1="0" ind2="0" tag="245"><subfield code="a">Monterey Bay and Pacific Grove/Pebble Beach tribune.</subfield></datafield><datafield ind1="3" ind2=" " tag="246"><subfield code="a">Monterey Bay and Pacific Grove Pebble Beach tribune</subfield></datafield><datafield ind1=" " ind2=" " tag="260"><subfield code="a">Monterey, Calif. :</subfield><subfield code="b">Richard Seidenzahl</subfield></datafield><datafield ind1=" " ind2=" " tag="300"><subfield code="a">v.</subfield></datafield><datafield ind1=" " ind2=" " tag="310"><subfield code="a">Weekly</subfield></datafield><datafield ind1="0" ind2=" " tag="362"><subfield code="a">Vol. 12, no. 14 (Apr. 11, 1985)-v. 12, no. 17 (May 2, 1985).</subfield></datafield><datafield ind1=" " ind2=" " tag="500"><subfield code="a">"Serving all communitites of the South Shore of Monterey Bay."</subfield></datafield><datafield ind1=" " ind2=" " tag="500"><subfield code="a">"Successor to the Pacific Grove-Pebble Beach Tribune, The Seaside Tribune, and The Marina Tribune."</subfield></datafield><datafield ind1=" " ind2=" " tag="580"><subfield code="a">Formed by the union of: Tribune (Pacific Grove, Calif. : 1984), and: Seaside tribune, and: Marina tribune.</subfield></datafield><datafield ind1=" " ind2="0" tag="651"><subfield code="a">Monterey Bay Region (Calif.)</subfield><subfield code="v">Newspapers.</subfield></datafield><datafield ind1=" " ind2="7" tag="655"><subfield code="a">Newspapers.</subfield><subfield code="2">fast</subfield><subfield code="0">(OCoLC)fst01423814</subfield></datafield><datafield ind1=" " ind2="7" tag="651"><subfield code="a">California</subfield><subfield code="z">Monterey Bay Region.</subfield><subfield code="2">fast</subfield><subfield code="0">(OCoLC)fst01342874</subfield></datafield><datafield ind1=" " ind2=" " tag="752"><subfield code="a">United States</subfield><subfield code="b">California</subfield><subfield code="c">Monterey</subfield><subfield code="d">Monterey.</subfield></datafield><datafield ind1="1" ind2="4" tag="780"><subfield code="t">Tribune (Pacific Grove, Calif. : 1984)</subfield><subfield code="w">(DLC)sn 98061745</subfield></datafield><datafield ind1="1" ind2="4" tag="780"><subfield code="t">Seaside tribune</subfield></datafield><datafield ind1="1" ind2="4" tag="780"><subfield code="t">Marina tribune</subfield></datafield><datafield ind1="0" ind2="0" tag="785"><subfield code="t">Monterey Bay tribune</subfield><subfield code="w">(DLC)sn 98061960</subfield></datafield></record>